%YAML 1.1
%TAG !u! tag:unity3d.com,2011:
--- !u!1 &1303342956823197446
GameObject:
  m_ObjectHideFlags: 0
  m_CorrespondingSourceObject: {fileID: 0}
  m_PrefabInstance: {fileID: 0}
  m_PrefabAsset: {fileID: 0}
  serializedVersion: 6
  m_Component:
  - component: {fileID: 6537474948780413588}
  - component: {fileID: 1988382404017716961}
  - component: {fileID: 7567788556136011535}
  - component: {fileID: 6717529969383240331}
  - component: {fileID: 7604121314169172343}
  m_Layer: 0
  m_Name: Center_token 1
  m_TagString: RotatedToken
  m_Icon: {fileID: 0}
  m_NavMeshLayer: 0
  m_StaticEditorFlags: 0
  m_IsActive: 1
--- !u!4 &6537474948780413588
Transform:
  m_ObjectHideFlags: 0
  m_CorrespondingSourceObject: {fileID: 0}
  m_PrefabInstance: {fileID: 0}
  m_PrefabAsset: {fileID: 0}
  m_GameObject: {fileID: 1303342956823197446}
  m_LocalRotation: {x: 0, y: 0.7071068, z: 0, w: 0.7071068}
  m_LocalPosition: {x: 0, y: 38, z: 0}
  m_LocalScale: {x: 2.5, y: 1.5, z: 7.5}
  m_Children:
  - {fileID: 3959910105649633909}
  m_Father: {fileID: 0}
  m_RootOrder: 0
  m_LocalEulerAnglesHint: {x: 0, y: 90, z: 0}
--- !u!33 &1988382404017716961
MeshFilter:
  m_ObjectHideFlags: 0
  m_CorrespondingSourceObject: {fileID: 0}
  m_PrefabInstance: {fileID: 0}
  m_PrefabAsset: {fileID: 0}
  m_GameObject: {fileID: 1303342956823197446}
  m_Mesh: {fileID: 10202, guid: 0000000000000000e000000000000000, type: 0}
--- !u!23 &7567788556136011535
MeshRenderer:
  m_ObjectHideFlags: 0
  m_CorrespondingSourceObject: {fileID: 0}
  m_PrefabInstance: {fileID: 0}
  m_PrefabAsset: {fileID: 0}
  m_GameObject: {fileID: 1303342956823197446}
  m_Enabled: 1
  m_CastShadows: 1
  m_ReceiveShadows: 1
  m_DynamicOccludee: 1
  m_MotionVectors: 1
  m_LightProbeUsage: 1
  m_ReflectionProbeUsage: 1
  m_RayTracingMode: 2
  m_RenderingLayerMask: 1
  m_RendererPriority: 0
  m_Materials:
  - {fileID: 2100000, guid: 403f6e53ab52f5f4a87664b7d15160ed, type: 2}
  m_StaticBatchInfo:
    firstSubMesh: 0
    subMeshCount: 0
  m_StaticBatchRoot: {fileID: 0}
  m_ProbeAnchor: {fileID: 0}
  m_LightProbeVolumeOverride: {fileID: 0}
  m_ScaleInLightmap: 1
  m_ReceiveGI: 1
  m_PreserveUVs: 0
  m_IgnoreNormalsForChartDetection: 0
  m_ImportantGI: 0
  m_StitchLightmapSeams: 1
  m_SelectedEditorRenderState: 3
  m_MinimumChartSize: 4
  m_AutoUVMaxDistance: 0.5
  m_AutoUVMaxAngle: 89
  m_LightmapParameters: {fileID: 0}
  m_SortingLayerID: 0
  m_SortingLayer: 0
  m_SortingOrder: 0
--- !u!65 &6717529969383240331
BoxCollider:
  m_ObjectHideFlags: 0
  m_CorrespondingSourceObject: {fileID: 0}
  m_PrefabInstance: {fileID: 0}
  m_PrefabAsset: {fileID: 0}
  m_GameObject: {fileID: 1303342956823197446}
  m_Material: {fileID: 0}
  m_IsTrigger: 0
  m_Enabled: 1
  serializedVersion: 2
  m_Size: {x: 1, y: 1, z: 1}
  m_Center: {x: 0, y: 0, z: 0}
--- !u!54 &7604121314169172343
Rigidbody:
  m_ObjectHideFlags: 0
  m_CorrespondingSourceObject: {fileID: 0}
  m_PrefabInstance: {fileID: 0}
  m_PrefabAsset: {fileID: 0}
  m_GameObject: {fileID: 1303342956823197446}
  serializedVersion: 2
  m_Mass: 10000
  m_Drag: 0
  m_AngularDrag: 0.05
  m_UseGravity: 1
  m_IsKinematic: 0
  m_Interpolate: 0
  m_Constraints: 0
  m_CollisionDetection: 0
--- !u!1001 &8307041279249911338
PrefabInstance:
  m_ObjectHideFlags: 0
  serializedVersion: 2
  m_Modification:
    m_TransformParent: {fileID: 6537474948780413588}
    m_Modifications:
    - target: {fileID: 5025145569346802783, guid: bef7d102a7ff5b945aade88aea96195c,
        type: 3}
      propertyPath: m_LocalPosition.x
      value: -0.7
      objectReference: {fileID: 0}
    - target: {fileID: 5025145569346802783, guid: bef7d102a7ff5b945aade88aea96195c,
        type: 3}
      propertyPath: m_LocalPosition.y
      value: 0.95
      objectReference: {fileID: 0}
    - target: {fileID: 5025145569346802783, guid: bef7d102a7ff5b945aade88aea96195c,
        type: 3}
      propertyPath: m_LocalPosition.z
      value: -1.404
      objectReference: {fileID: 0}
    - target: {fileID: 5025145569346802783, guid: bef7d102a7ff5b945aade88aea96195c,
        type: 3}
      propertyPath: m_LocalRotation.x
      value: -0.70710677
      objectReference: {fileID: 0}
    - target: {fileID: 5025145569346802783, guid: bef7d102a7ff5b945aade88aea96195c,
        type: 3}
      propertyPath: m_LocalRotation.y
      value: 0
      objectReference: {fileID: 0}
    - target: {fileID: 5025145569346802783, guid: bef7d102a7ff5b945aade88aea96195c,
        type: 3}
      propertyPath: m_LocalRotation.z
      value: 0
      objectReference: {fileID: 0}
    - target: {fileID: 5025145569346802783, guid: bef7d102a7ff5b945aade88aea96195c,
        type: 3}
      propertyPath: m_LocalRotation.w
      value: -0.70710677
      objectReference: {fileID: 0}
    - target: {fileID: 5025145569346802783, guid: bef7d102a7ff5b945aade88aea96195c,
        type: 3}
      propertyPath: m_RootOrder
      value: 0
      objectReference: {fileID: 0}
    - target: {fileID: 5025145569346802783, guid: bef7d102a7ff5b945aade88aea96195c,
        type: 3}
      propertyPath: m_LocalEulerAnglesHint.x
      value: 90
      objectReference: {fileID: 0}
    - target: {fileID: 5025145569346802783, guid: bef7d102a7ff5b945aade88aea96195c,
        type: 3}
      propertyPath: m_LocalEulerAnglesHint.y
      value: -270
      objectReference: {fileID: 0}
    - target: {fileID: 5025145569346802783, guid: bef7d102a7ff5b945aade88aea96195c,
        type: 3}
      propertyPath: m_LocalEulerAnglesHint.z
      value: 90
      objectReference: {fileID: 0}
    - target: {fileID: 5690078131415355109, guid: bef7d102a7ff5b945aade88aea96195c,
        type: 3}
      propertyPath: m_Name
      value: hand
      objectReference: {fileID: 0}
    - target: {fileID: 5690078131415355109, guid: bef7d102a7ff5b945aade88aea96195c,
        type: 3}
      propertyPath: m_IsActive
      value: 0
      objectReference: {fileID: 0}
    m_RemovedComponents: []
  m_SourcePrefab: {fileID: 100100000, guid: bef7d102a7ff5b945aade88aea96195c, type: 3}
--- !u!4 &3959910105649633909 stripped
Transform:
  m_CorrespondingSourceObject: {fileID: 5025145569346802783, guid: bef7d102a7ff5b945aade88aea96195c,
    type: 3}
  m_PrefabInstance: {fileID: 8307041279249911338}
  m_PrefabAsset: {fileID: 0}
