%YAML 1.1
%TAG !u! tag:unity3d.com,2011:
--- !u!1 &5556204867118753451
GameObject:
  m_ObjectHideFlags: 0
  m_CorrespondingSourceObject: {fileID: 0}
  m_PrefabInstance: {fileID: 0}
  m_PrefabAsset: {fileID: 0}
  serializedVersion: 6
  m_Component:
  - component: {fileID: 2056808949901160236}
  - component: {fileID: 2239896726933401449}
  - component: {fileID: 4889937523209205814}
  - component: {fileID: 7336740155092353938}
  - component: {fileID: 6644913377602835036}
  m_Layer: 0
  m_Name: Right_Token
  m_TagString: Token
  m_Icon: {fileID: 0}
  m_NavMeshLayer: 0
  m_StaticEditorFlags: 0
  m_IsActive: 1
--- !u!4 &2056808949901160236
Transform:
  m_ObjectHideFlags: 0
  m_CorrespondingSourceObject: {fileID: 0}
  m_PrefabInstance: {fileID: 0}
  m_PrefabAsset: {fileID: 0}
  m_GameObject: {fileID: 5556204867118753451}
  m_LocalRotation: {x: -0, y: -0, z: -0, w: 1}
  m_LocalPosition: {x: 2.53, y: 38, z: 0}
  m_LocalScale: {x: 2.5, y: 1.5, z: 7.5}
  m_Children:
  - {fileID: 4754726150861008001}
  m_Father: {fileID: 0}
  m_RootOrder: 0
  m_LocalEulerAnglesHint: {x: 0, y: 0, z: 0}
--- !u!33 &2239896726933401449
MeshFilter:
  m_ObjectHideFlags: 0
  m_CorrespondingSourceObject: {fileID: 0}
  m_PrefabInstance: {fileID: 0}
  m_PrefabAsset: {fileID: 0}
  m_GameObject: {fileID: 5556204867118753451}
  m_Mesh: {fileID: 10202, guid: 0000000000000000e000000000000000, type: 0}
--- !u!23 &4889937523209205814
MeshRenderer:
  m_ObjectHideFlags: 0
  m_CorrespondingSourceObject: {fileID: 0}
  m_PrefabInstance: {fileID: 0}
  m_PrefabAsset: {fileID: 0}
  m_GameObject: {fileID: 5556204867118753451}
  m_Enabled: 1
  m_CastShadows: 1
  m_ReceiveShadows: 1
  m_DynamicOccludee: 1
  m_MotionVectors: 1
  m_LightProbeUsage: 1
  m_ReflectionProbeUsage: 1
  m_RayTracingMode: 2
  m_RenderingLayerMask: 1
  m_RendererPriority: 0
  m_Materials:
  - {fileID: 2100000, guid: 0b959cbc0c5ba464e84f8c06b727ccdf, type: 2}
  m_StaticBatchInfo:
    firstSubMesh: 0
    subMeshCount: 0
  m_StaticBatchRoot: {fileID: 0}
  m_ProbeAnchor: {fileID: 0}
  m_LightProbeVolumeOverride: {fileID: 0}
  m_ScaleInLightmap: 1
  m_ReceiveGI: 1
  m_PreserveUVs: 0
  m_IgnoreNormalsForChartDetection: 0
  m_ImportantGI: 0
  m_StitchLightmapSeams: 1
  m_SelectedEditorRenderState: 3
  m_MinimumChartSize: 4
  m_AutoUVMaxDistance: 0.5
  m_AutoUVMaxAngle: 89
  m_LightmapParameters: {fileID: 0}
  m_SortingLayerID: 0
  m_SortingLayer: 0
  m_SortingOrder: 0
--- !u!65 &7336740155092353938
BoxCollider:
  m_ObjectHideFlags: 0
  m_CorrespondingSourceObject: {fileID: 0}
  m_PrefabInstance: {fileID: 0}
  m_PrefabAsset: {fileID: 0}
  m_GameObject: {fileID: 5556204867118753451}
  m_Material: {fileID: 0}
  m_IsTrigger: 0
  m_Enabled: 1
  serializedVersion: 2
  m_Size: {x: 1, y: 1, z: 1}
  m_Center: {x: 0, y: 0, z: 0}
--- !u!54 &6644913377602835036
Rigidbody:
  m_ObjectHideFlags: 0
  m_CorrespondingSourceObject: {fileID: 0}
  m_PrefabInstance: {fileID: 0}
  m_PrefabAsset: {fileID: 0}
  m_GameObject: {fileID: 5556204867118753451}
  serializedVersion: 2
  m_Mass: 10000
  m_Drag: 0
  m_AngularDrag: 0.05
  m_UseGravity: 1
  m_IsKinematic: 0
  m_Interpolate: 0
  m_Constraints: 0
  m_CollisionDetection: 0
--- !u!1001 &306466305985214686
PrefabInstance:
  m_ObjectHideFlags: 0
  serializedVersion: 2
  m_Modification:
    m_TransformParent: {fileID: 2056808949901160236}
    m_Modifications:
    - target: {fileID: 5025145569346802783, guid: bef7d102a7ff5b945aade88aea96195c,
        type: 3}
      propertyPath: m_LocalPosition.x
      value: -0.7
      objectReference: {fileID: 0}
    - target: {fileID: 5025145569346802783, guid: bef7d102a7ff5b945aade88aea96195c,
        type: 3}
      propertyPath: m_LocalPosition.y
      value: 0.95
      objectReference: {fileID: 0}
    - target: {fileID: 5025145569346802783, guid: bef7d102a7ff5b945aade88aea96195c,
        type: 3}
      propertyPath: m_LocalPosition.z
      value: -1.404
      objectReference: {fileID: 0}
    - target: {fileID: 5025145569346802783, guid: bef7d102a7ff5b945aade88aea96195c,
        type: 3}
      propertyPath: m_LocalRotation.x
      value: -0.70710677
      objectReference: {fileID: 0}
    - target: {fileID: 5025145569346802783, guid: bef7d102a7ff5b945aade88aea96195c,
        type: 3}
      propertyPath: m_LocalRotation.y
      value: 0
      objectReference: {fileID: 0}
    - target: {fileID: 5025145569346802783, guid: bef7d102a7ff5b945aade88aea96195c,
        type: 3}
      propertyPath: m_LocalRotation.z
      value: 0
      objectReference: {fileID: 0}
    - target: {fileID: 5025145569346802783, guid: bef7d102a7ff5b945aade88aea96195c,
        type: 3}
      propertyPath: m_LocalRotation.w
      value: -0.70710677
      objectReference: {fileID: 0}
    - target: {fileID: 5025145569346802783, guid: bef7d102a7ff5b945aade88aea96195c,
        type: 3}
      propertyPath: m_RootOrder
      value: 0
      objectReference: {fileID: 0}
    - target: {fileID: 5025145569346802783, guid: bef7d102a7ff5b945aade88aea96195c,
        type: 3}
      propertyPath: m_LocalEulerAnglesHint.x
      value: 90
      objectReference: {fileID: 0}
    - target: {fileID: 5025145569346802783, guid: bef7d102a7ff5b945aade88aea96195c,
        type: 3}
      propertyPath: m_LocalEulerAnglesHint.y
      value: -270
      objectReference: {fileID: 0}
    - target: {fileID: 5025145569346802783, guid: bef7d102a7ff5b945aade88aea96195c,
        type: 3}
      propertyPath: m_LocalEulerAnglesHint.z
      value: 90
      objectReference: {fileID: 0}
    - target: {fileID: 5690078131415355109, guid: bef7d102a7ff5b945aade88aea96195c,
        type: 3}
      propertyPath: m_Name
      value: hand
      objectReference: {fileID: 0}
    - target: {fileID: 5690078131415355109, guid: bef7d102a7ff5b945aade88aea96195c,
        type: 3}
      propertyPath: m_IsActive
      value: 0
      objectReference: {fileID: 0}
    m_RemovedComponents: []
  m_SourcePrefab: {fileID: 100100000, guid: bef7d102a7ff5b945aade88aea96195c, type: 3}
--- !u!4 &4754726150861008001 stripped
Transform:
  m_CorrespondingSourceObject: {fileID: 5025145569346802783, guid: bef7d102a7ff5b945aade88aea96195c,
    type: 3}
  m_PrefabInstance: {fileID: 306466305985214686}
  m_PrefabAsset: {fileID: 0}
